@Manual{R-base,
  title = {R: A Language and Environment for Statistical Computing},
  author = {{R Core Team}},
  organization = {R Foundation for Statistical Computing},
  address = {Vienna, Austria},
  year = {2016},
  url = {https://www.R-project.org/},
}
@Manual{R-papaja,
  author = {Frederik Aust and Marius Barth},
  title = {{papaja}: {Create} {APA} manuscripts with {R Markdown}},
  year = {2017},
  note = {R package version 0.1.0.9485},
  url = {https://github.com/crsh/papaja},
}
@Manual{R-abind,
  title = {abind: Combine Multidimensional Arrays},
  author = {Tony Plate and Richard Heiberger},
  year = {2016},
  note = {R package version 1.4-5},
  url = {https://CRAN.R-project.org/package=abind},
}
@Misc{R-fields,
  title = {fields: Tools for spatial data},
  author = {{Douglas Nychka} and {Reinhard Furrer} and {John Paige} and {Stephan Sain}},
  note = {R package version 8.10},
  organization = {University Corporation for Atmospheric Research},
  address = {Boulder, CO, USA},
  year = {2015},
  url = {www.image.ucar.edu/fields},
  doi = {10.5065/D6W957CT},
}
@Article{R-gmm,
  title = {Computing Generalized Method of Moments and Generalized Empirical Likelihood with {R}},
  author = {Pierre Chauss{\'e}},
  journal = {Journal of Statistical Software},
  year = {2010},
  volume = {34},
  number = {11},
  pages = {1--35},
  url = {http://www.jstatsoft.org/v34/i11/},
}
@Manual{R-maps,
  title = {maps: Draw Geographical Maps},
  author = {Original S code by Richard A. Becker and Allan R. Wilks. R version by Ray Brownrigg. Enhancements by Thomas P Minka and Alex Deckmyn.},
  year = {2016},
  note = {R package version 3.1.1},
  url = {https://CRAN.R-project.org/package=maps},
}
@Manual{R-Matrix,
  title = {Matrix: Sparse and Dense Matrix Classes and Methods},
  author = {Douglas Bates and Martin Maechler},
  year = {2017},
  note = {R package version 1.2-8},
  url = {https://CRAN.R-project.org/package=Matrix},
}
@Article{R-msm,
  title = {Multi-State Models for Panel Data: The {msm} Package for {R}},
  author = {Christopher H. Jackson},
  journal = {Journal of Statistical Software},
  year = {2011},
  volume = {38},
  number = {8},
  pages = {1--29},
  url = {http://www.jstatsoft.org/v38/i08/},
}
@Book{R-mvtnorm,
  title = {Computation of Multivariate Normal and t Probabilities},
  author = {Alan Genz and Frank Bretz},
  series = {Lecture Notes in Statistics},
  year = {2009},
  publisher = {Springer-Verlag},
  address = {Heidelberg},
  isbn = {978-3-642-01688-2},
}
@Article{R-sandwich_a,
  title = {Econometric Computing with HC and HAC Covariance Matrix Estimators},
  author = {Achim Zeileis},
  journal = {Journal of Statistical Software},
  year = {2004},
  volume = {11},
  number = {10},
  pages = {1--17},
  url = {http://www.jstatsoft.org/v11/i10/},
}
@Article{R-sandwich_b,
  title = {Object-Oriented Computation of Sandwich Estimators},
  author = {Achim Zeileis},
  journal = {Journal of Statistical Software},
  year = {2006},
  volume = {16},
  number = {9},
  pages = {1--16},
  url = {http://www.jstatsoft.org/v16/i09/.},
}
@Article{R-spam_a,
  title = {{spam}: A Sparse Matrix {R} Package with Emphasis on {MCMC} Methods for {G}aussian {M}arkov Random Fields},
  author = {Reinhard Furrer and Stephan R. Sain},
  journal = {Journal of Statistical Software},
  year = {2010},
  volume = {36},
  number = {10},
  pages = {1--25},
  url = {http://www.jstatsoft.org/v36/i10/},
}
@Article{R-spam_b,
  title = {Pitfalls in the Implementation of {B}ayesian Hierarchical Modeling of Areal Count Data: An Illustration Using {BYM} and {L}eroux Models},
  author = {Florian Gerber and Reinhard Furrer},
  journal = {Journal of Statistical Software, Code Snippets},
  year = {2015},
  volume = {63},
  number = {1},
  pages = {1--32},
  url = {http://www.jstatsoft.org/v63/c01/},
}
@Manual{R-spatialfil,
  title = {spatialfil: Application of 2D Convolution Kernel Filters to Matrices or 3D
Arrays},
  author = {Nicola Dinapoli and Roberto Gatta},
  year = {2015},
  note = {R package version 0.15},
  url = {https://CRAN.R-project.org/package=spatialfil},
}
@Manual{R-tmvtnorm,
  title = {{tmvtnorm}: Truncated Multivariate Normal and Student t Distribution},
  author = {Stefan Wilhelm and Manjunath B G},
  year = {2015},
  note = {R package version 1.4-10},
  url = {http://CRAN.R-project.org/package=tmvtnorm},
}
@Manual{R-BayesFactor,
  title = {BayesFactor: Computation of Bayes Factors for Common Designs},
  author = {Richard D. Morey and Jeffrey N. Rouder},
  year = {2015},
  note = {R package version 0.9.12-2},
  url = {https://CRAN.R-project.org/package=BayesFactor},
}
@Article{R-coda,
  title = {CODA: Convergence Diagnosis and Output Analysis for MCMC},
  author = {Martyn Plummer and Nicky Best and Kate Cowles and Karen Vines},
  journal = {R News},
  year = {2006},
  volume = {6},
  number = {1},
  pages = {7--11},
  url = {https://journal.r-project.org/archive/},
  pdf = {https://www.r-project.org/doc/Rnews/Rnews_2006-1.pdf},
}
@Manual{R-curl,
  title = {curl: A Modern and Flexible Web Client for R},
  author = {Jeroen Ooms},
  year = {2017},
  note = {R package version 2.6},
  url = {https://CRAN.R-project.org/package=curl},
}
@Manual{R-devtools,
  title = {devtools: Tools to Make Developing R Packages Easier},
  author = {Hadley Wickham and Winston Chang},
  year = {2016},
  note = {R package version 1.12.0},
  url = {https://CRAN.R-project.org/package=devtools},
}
@Manual{R-diagram,
  title = {diagram: Functions for visualising simple graphs (networks), plotting
flow diagrams},
  author = {Karline Soetaert},
  year = {2014},
  note = {R package version 1.6.3},
  url = {https://CRAN.R-project.org/package=diagram},
}
@Book{R-MASS,
  title = {Modern Applied Statistics with S},
  author = {W. N. Venables and B. D. Ripley},
  publisher = {Springer},
  edition = {Fourth},
  address = {New York},
  year = {2002},
  note = {ISBN 0-387-95457-0},
  url = {http://www.stats.ox.ac.uk/pub/MASS4},
}
@Article{R-MCMCpack,
  title = {{MCMCpack}: Markov Chain Monte Carlo in {R}},
  author = {Andrew D. Martin and Kevin M. Quinn and Jong Hee Park},
  journal = {Journal of Statistical Software},
  year = {2011},
  volume = {42},
  number = {9},
  pages = {22},
  url = {http://www.jstatsoft.org/v42/i09/},
}
@Manual{R-shape,
  title = {shape: Functions for plotting graphical shapes, colors},
  author = {Karline Soetaert},
  year = {2014},
  note = {R package version 1.4.2},
  url = {https://CRAN.R-project.org/package=shape},
}
@Article{R-plotrix,
  year = {2006},
  title = {Plotrix: a package in the red light district of R},
  journal = {R-News},
  volume = {6},
  number = {4},
  pages = {8-12},
  author = {Lemon J},
}

@Article{R-colorspace_a,
  title = {Escaping {RGB}land: Selecting Colors for Statistical Graphics},
  author = {Achim Zeileis and Kurt Hornik and Paul Murrell},
  journal = {Computational Statistics \& Data Analysis},
  year = {2009},
  volume = {53},
  number = {9},
  pages = {3259--3270},
  doi = {10.1016/j.csda.2008.11.033},
}
@Article{R-colorspace_b,
  title = {Somewhere over the Rainbow: How to Make Effective Use of Colors in Meteorological Visualizations},
  author = {Reto Stauffer and Georg J. Mayr and Markus Dabernig and Achim Zeileis},
  journal = {Bulletin of the American Meteorological Society},
  year = {2009},
  volume = {96},
  number = {2},
  pages = {203--216},
  doi = {10.1175/BAMS-D-13-00155.1},
}
@Article{R-dotCall64_a,
  title = {{dotCall64}: An efficient interface to compiled {C/C++} and {F}ortran code supporting long vectors},
  author = {Florian Gerber and Kaspar Moesinger and Reinhard Furrer},
  journal = {R journal},
  year = {2016},
  note = {submitted},
}
@Article{R-dotCall64_b,
  title = {Extending {R} packages to support 64-bit compiled code: An illustration with spam64 and {GIMMS} {NDVI3g} data},
  author = {Florian Gerber and Kaspar Moesinger and Reinhard Furrer},
  journal = {Computer & Geoscience},
  year = {2015},
  note = {submitted},
}

@misc{Eurythmics:1983,
  author  = {Eurythmics},
  title   = {Sweet Dreams (Are Made of This)},
  year    = {1983},
  address = {UK},
} 
@Book{R-ggplot2,
  author = {Hadley Wickham},
  title = {ggplot2: Elegant Graphics for Data Analysis},
  publisher = {Springer-Verlag New York},
  year = {2009},
  isbn = {978-0-387-98140-6},
  url = {http://ggplot2.org},
}
@Manual{R-gridBase,
  title = {gridBase: Integration of base and grid graphics},
  author = {Paul Murrell},
  year = {2014},
  note = {R package version 0.4-7},
  url = {https://CRAN.R-project.org/package=gridBase},
}
@Manual{R-RColorBrewer,
  title = {RColorBrewer: ColorBrewer Palettes},
  author = {Erich Neuwirth},
  year = {2014},
  note = {R package version 1.1-2},
  url = {https://CRAN.R-project.org/package=RColorBrewer},
}
@Article{R-reshape2,
  title = {Reshaping Data with the {reshape} Package},
  author = {Hadley Wickham},
  journal = {Journal of Statistical Software},
  year = {2007},
  volume = {21},
  number = {12},
  pages = {1--20},
  url = {http://www.jstatsoft.org/v21/i12/},
}
